
@Article{MohriPereiraRiley2000,
  author = 	 {Mohri, M. and Pereira, F. and Riley, M.},
  title = 	 {Weighted Finite-State Transducers in Speech Recognition},
  journal = 	 {Computer Speech and Language},
  year = 	 2002,
  volume = 16,
  number = 1,
  pages = 	 {69-88}
}

@InProceedings{EskinEtAl2000,
  author = 	 {Eskin, E. and Grundy, W. N. and Singer, Y.},
  title = 	 {Protein Family Classification Using Sparse {M}arkov Transducers},
  crossref =  "ismb2000",
  pages = 	 {134-135}
}

@Article{Holmes2003,
   Author="Holmes, I. ",
   Title="{{U}sing Guide Trees to Construct Multiple-sequence Evolutionary {H}{M}{M}s}",
   Journal="Bioinformatics",
   Year="2003",
   Volume="19 Suppl 1",
   Pages="i147--157"
}

@Article{Holmes2007,
   Author="Holmes, I. ",
   Title="{{P}hylocomposer and Phylodirector: Analysis and Visualization of Transducer Indel Models}",
   Journal="Bioinformatics",
   Year="2007",
   Volume="23",
   Number="23",
   Pages="3263--3264",
   Month="Dec"
}

@Article{PatenEtAl2008,
   Author="Paten, B.  and Herrero, J.  and Fitzgerald, S.  and Beal, K.  and Flicek, P.  and Holmes, I.  and Birney, E. ",
   Title="{{G}enome-Wide Nucleotide-Level Mammalian Ancestor Reconstruction}",
   Journal="Genome Research",
   Year="2008",
   Volume="18",
   Pages="1829--1843",
   Month="Nov"
}

@misc{WestessonEtAlArxiv2012,
Author = {Oscar Westesson and Gerton Lunter and Benedict Paten and Ian Holmes},
Title = {Phylogenetic Automata, Pruning, and Multiple Alignment},
Year = {2012},
howpublished = {arXiv},
note = {1202.4026},
}

% 22536326 
@Article{WestessonEtAl2012,
   Author="Westesson, O.  and Lunter, G.  and Paten, B.  and Holmes, I. ",
   Title="{{A}ccurate Reconstruction of Insertion-Deletion Histories by Statistical Phylogenetics}",
   Journal="PLoS ONE",
   Year="2012",
   Volume="7",
   Number="4",
   Pages="e34572"
}

% 24743184 
@Article{SchwarzEtAl2014,
   Author="Schwarz, R. F.  and Trinh, A.  and Sipos, B.  and Brenton, J. D.  and Goldman, N.  and Markowetz, F. ",
   Title="{{P}hylogenetic Quantification of Intra-Tumour Heterogeneity}",
   Journal="PLoS Comput. Biol.",
   Year="2014",
   Volume="10",
   Number="4",
   Pages="e1003535",
   Month="Apr"
}

@book{Mackay2003,
    author = {Mackay, D. J. C.},
    edition = {1st},
    howpublished = {Hardcover},
    isbn = {0521642981},
    publisher = {Cambridge University Press},
    title = {{Information Theory, Inference and Learning Algorithms}},
    year = {2003}
}

% 23354052 
@Article{GoldmanEtAl2013,
   Author="Goldman, N.  and Bertone, P.  and Chen, S.  and Dessimoz, C.  and LeProust, E. M.  and Sipos, B.  and Birney, E. ",
   Title="{{T}owards Practical, High-Capacity, Low-Maintenance Information Storage in Synthesized {D}{N}{A}}",
   Journal="Nature",
   Year="2013",
   Volume="494",
   Number="7435",
   Pages="77--80",
   Month="Feb"
}

% 22903519 
@Article{ChurchEtAl2012,
   Author="Church, G. M.  and Gao, Y.  and Kosuri, S. ",
   Title="{{N}ext-Generation Digital Information Storage in {D}{N}{A}}",
   Journal="Science",
   Year="2012",
   Volume="337",
   Number="6102",
   Pages="1628",
   Month="Sep"
}

% 26382652 
@Article{YazdiEtAl2015,
   Author="Yazdi, S. M.  and Yuan, Y.  and Ma, J.  and Zhao, H.  and Milenkovic, O. ",
   Title="{{A} Rewritable, Random-Access {D}{N}{A}-Based Storage System}",
   Journal="Sci Rep",
   Year="2015",
   Volume="5",
   Pages="14138"
}

@string{ISMBstr = " International Conference on Intelligent Systems
	for Molecular Biology"}

@proceedings{ismb2000,
  booktitle = "Proceedings of the Eighth" # ISMBstr,
  title = "Proceedings of the Eighth" # ISMBstr,
  editor = "P. Bourne and M. Gribskov and R. Altman and N. Jensen and D. Hope and T. Lengauer and J. Mitchell and E. Scheeff and C. Smith and S. Strande and H. Weissig",
  publisher="AAAI Press",
  address= "Menlo Park, CA",
  year = 2000
}

@manual{WikipediaTransducers,
      title  = "Finite-State Transducer (Wikipedia article)",
      note   = "\url{https://en.wikipedia.org/w/index.php?title=Finite_state_transducer&oldid=718569101}",
      year   = "2016 (accessed May 19, 2016)"
    }

@book{Durbin98,
  author = "Durbin, R. and Eddy, S. and Krogh, A. and Mitchison, G.",
  title = "Biological Sequence Analysis: Probabilistic Models of Proteins and Nucleic Acids",
  publisher = "Cambridge University Press",
  address = "Cambridge, UK",
  year = 1998
}

% 11504945 
@Article{PevznerEtAl2001,
   Author="Pevzner, P. A.  and Tang, H.  and Waterman, M. S. ",
   Title="{{A}n {E}ulerian Path Approach to {D}{N}{A} Fragment Assembly}",
   Journal="Proc. Natl. Acad. Sci. U.S.A.",
   Year="2001",
   Volume="98",
   Number="17",
   Pages="9748--9753",
   Month="Aug"
}

@article{DeBruijn1946,
    author = {de Bruijn, N. G.},
    editor = {Van Der Woude, W.},
    institution = {Natuurkundig Laboratorium der N.V Gloeilampenfabrieken},
    journal = {Koninklijke Nederlandsche Akademie Van Wetenschappen},
    keywords = {bruijn, dtc\_project2},
    month = jun,
    number = {6},
    pages = {758--764},
    posted-at = {2010-09-13 19:29:59},
    priority = {0},
    title = {{A Combinatorial Problem}},
    volume = {49},
    year = {1946}
}

@Article{ZerbinoBirney2008,
   Author="Zerbino, D. R.  and Birney, E. ",
   Title="{{V}elvet: Algorithms for De Novo Short Read Assembly Using de {B}ruijn Graphs}",
   Journal="Genome Res.",
   Year="2008",
   Volume="18",
   Number="5",
   Pages="821--829",
   Month="May"
}

% 22231483 
@Article{IqbalEtAl2012,
   Author="Iqbal, Z.  and Caccamo, M.  and Turner, I.  and Flicek, P.  and McVean, G. ",
   Title="{{D}e Novo Assembly and Genotyping of Variants Using Colored De {B}ruijn Graphs}",
   Journal="Nat. Genet.",
   Year="2012",
   Volume="44",
   Number="2",
   Pages="226--232",
   Month="Feb"
}

@article{PereiraRiley1996,
  author    = {Fernando C. N. Pereira and
               Michael Riley},
  title     = {Speech Recognition by Composition of Weighted Finite Automata},
  journal   = {CoRR},
  volume    = {cmp-lg/9603001},
  year      = {1996},
  url       = {http://arxiv.org/abs/cmp-lg/9603001},
  timestamp = {Mon, 05 Dec 2011 18:05:28 +0100},
  biburl    = {http://dblp.uni-trier.de/rec/bib/journals/corr/cmp-lg-9603001},
  bibsource = {dblp computer science bibliography, http://dblp.org}
}

@article{Rissanen1976,
 author = {Rissanen, J. J.},
 title = {Generalized Kraft Inequality and Arithmetic Coding},
 journal = {IBM J. Res. Dev.},
 issue_date = {May 1976},
 volume = {20},
 number = {3},
 month = may,
 year = {1976},
 issn = {0018-8646},
 pages = {198--203},
 numpages = {6},
 url = {http://dx.doi.org/10.1147/rd.203.0198},
 doi = {10.1147/rd.203.0198},
 acmid = {1664396},
 publisher = {IBM Corp.},
 address = {Riverton, NJ, USA},
} 
